@article{dvoretzky1966,
author = {J. H. Venter},
title = {{On Dvoretzky Stochastic Approximation Theorems}},
volume = {37},
journal = {The Annals of Mathematical Statistics},
number = {6},
publisher = {Institute of Mathematical Statistics},
pages = {1534 -- 1544},
year = {1966},
doi = {10.1214/aoms/1177699145},
URL = {https://doi.org/10.1214/aoms/1177699145}
}

@article{wolfowitz1952,
author = {J. Kiefer and J. Wolfowitz},
title = {{Stochastic Estimation of the Maximum of a Regression Function}},
volume = {23},
journal = {The Annals of Mathematical Statistics},
number = {3},
publisher = {Institute of Mathematical Statistics},
pages = {462 -- 466},
year = {1952},
doi = {10.1214/aoms/1177729392},
URL = {https://doi.org/10.1214/aoms/1177729392}
}

@book{bousquet2011,
title={Advanced Lectures on Machine Learning: ML Summer Schools 2003, Canberra, Australia, February 2-14, 2003, T{\"u}bingen, Germany, August 4-16, 2003, Revised Lectures},
author={Bousquet, Olivier and von Luxburg, Ulrike and R{\"a}tsch, Gunnar},
volume={3176},
pages={146--186},
chapter={7},
year={2011},
publisher={Springer}
}

@inproceedings{blanchard2017,
title={Machine learning with adversaries: Byzantine tolerant gradient descent},
author={Blanchard, Peva and El Mhamdi, El Mahdi and Guerraoui, Rachid and Stainer, Julien},
booktitle={Proceedings of the 31st International Conference on Neural Information Processing Systems},
pages={118--128},
year={2017}
}

@book{ElNaqa2015,
author="El Naqa, Issam
and Murphy, Martin J.",
title="What Is Machine Learning?",
bookTitle="Machine Learning in Radiation Oncology: Theory and Applications",
year="2015",
publisher="Springer International Publishing",
address="Cham",
pages="3--11",
isbn="978-3-319-18305-3",
doi="10.1007/978-3-319-18305-3_1",
url="https://doi.org/10.1007/978-3-319-18305-3_1"
}

@article{vojdani2020,
title={Anwendungspotenziale von maschinellem Lernen in der Produktion und Logistik},
author={Vojdani, Nina and Erichsen, Bj{\"o}rn},
journal={Logistics Journal: Proceedings},
volume={2020},
number={12},
year={2020}
}

@book{luckehe2015,
  title={Hybride Optimierung f{\"u}r Dimensionsreduktion: Un{\"u}berwachte Regression mit Gradientenabstieg und evolution{\"a}ren Algorithmen},
  author={L{\"u}ckehe, Daniel},
  year={2015},
  publisher={Springer-Verlag}
}

@article{dullien2018,
  title={Maschinelles Lernen und k{\"u}nstliche Intelligenz in der Informationssicherheit},
  author={Dullien, Thomas},
  journal={Datenschutz und Datensicherheit-DuD},
  volume={42},
  number={10},
  pages={618--622},
  year={2018},
  publisher={Springer}
}

@incollection{bottou2010,
  title={Large-scale machine learning with stochastic gradient descent},
  author={Bottou, L{\'e}on},
  booktitle={Proceedings of COMPSTAT'2010},
  pages={177--186},
  year={2010},
  publisher={Springer}
}

@book{murphy2012,
  title={Machine learning: a probabilistic perspective},
  author={Murphy, Kevin P},
  year={2012},
  publisher={MIT press}
}

 @book{draper1998,
 author = "Norman Draper, Harry Smith",
 title = "Applied Regression Analysis (Wiley Series in Probability and Statistics)",
 publisher = "Wiley-Interscience",
 year = "1998",
 isbn = "9780471170822"
}

 @book{sra2011,
 author = "Suvrit Sra",
 title = "Optimization For Machine Learning (neural Information Processing Series)",
 publisher = "MIT Press",
 year = "2011"
}

@misc{varma2018,
  author       = "Sanjiv Das Subir Varma",
  title        = "Deep Learning",
  chapter      = "4",
  year         = "2018",
  note         = "Accessed on: 27.11.2021. [Online]. Available: \url{https://srdas.github.io/DLBook/LinearLearningModels.html}"
}

@misc{schlesinger2020,
  title={Prognose von Retirement Curves von Flugzeugen mithilfe Neuronaler Netze},
  author={Schlesinger, Clemens},
  year={2020},
  note={Deutsches Zentrum f{\"u}r Luft-und Raumfahrt e. V.}
}
@article{alom2019,
  title={Advanced deep convolutional neural network approaches for digital pathology image analysis: A comprehensive evaluation with different use cases},
  author={Alom, Md Zahangir and Aspiras, Theus and Taha, Tarek M and Asari, Vijayan K and Bowen, TJ and Billiter, Dave and Arkell, Simon},
  journal={arXiv preprint arXiv:1904.09075},
  year={2019}
}

@misc{herta2013,
  author       = {Herta, Christian},
  title        = {Lineare Regression},
  year         = {2013},
  note         = {Accessed on: 27.11.2021. [Online]. Available: \url{http://christianherta.de/lehre/dataScience/machineLearning/linearRegression.pdf}}
}

% Beispiel
@misc{weblink,
  author = {Google},
  title  = {Google Homepage},
  note   = {Accessed on: 18.11.2021. [Online]. Available: \url{https://www.google.com/}}
}

@INPROCEEDINGS{8768554,
  author={A., Parkavi and Jawaid, Anam and Dev, Saima and M.S., Vinutha},
  booktitle={2018 3rd International Conference on Computational Systems and Information Technology for Sustainable Solutions (CSITSS)},
  title={The Patterns that Donâ€™t Exist : Study on the effects of psychological human biases in data analysis and decision making},
  year={2018},
  pages={193-197},  
  doi={10.1109/CSITSS.2018.8768554}}